\begin{filecontents}{\references.bib}

    @article{darby1982price,
      title={The price of oil and world inflation and recession},
      author={Darby, Michael R},
      journal={The American Economic Review},
      volume={72},
      number={4},
      pages={738--751},
      year={1982},
      publisher={JSTOR}
    }
    @article{barsky2002oil,
      title={Oil and the macroeconomy since the 1970s},
      author={Barsky, Robert B and Kilian, Lutz},
      journal={Journal of Economic Perspectives},
      volume={18},
      number={4},
      pages={115--134},
      year={2002},
      publisher={American Economic Association}
    }
    
    @article{kilian2022impact,
      title={The impact of rising oil prices on {US} inflation and inflation expectations in 2020--23},
      author={Kilian, Lutz and Zhou, Xiaoqing},
      journal={Energy Economics},
      volume={113},
      pages={106228},
      year={2022},
      publisher={Elsevier}
    }

    @article{clark2010time,
      title={Time variation in the inflation passthrough of energy prices},
      author={Clark, Todd E and Terry, Stephen J},
      journal={Journal of Money, credit and Banking},
      volume={42},
      number={7},
      pages={1419--1433},
      year={2010},
      publisher={Wiley Online Library}
    }

    @article{baumeister2019structural,
      title={Structural interpretation of vector autoregressions with incomplete identification: Revisiting the role of oil supply and demand shocks},
      author={Baumeister, Christiane and Hamilton, James D},
      journal={American Economic Review},
      volume={109},
      number={5},
      pages={1873--1910},
      year={2019},
      publisher={American Economic Association 2014 Broadway, Suite 305, Nashville, TN 37203}
    }

    @article{baumeister2016forty,
      title={Forty years of oil price fluctuations: Why the price of oil may still surprise us},
      author={Baumeister, Christiane and Kilian, Lutz},
      journal={Journal of Economic Perspectives},
      volume={30},
      number={1},
      pages={139--160},
      year={2016},
      publisher={American Economic Association 2014 Broadway, Suite 305, Nashville, TN 37203-2418}
    }


    @article{abadie2003,
      title = {The economic costs of conflict: A case study of the {B}asque {C}ountry},
      author = {Abadie, Alberto and Gardeazabal, Javier},
      journal = {American economic review},
      volume = {93},
      number = {1},
      pages = {113--132},
      year = {2003},
      publisher = {American Economic Association},
      doi ={10.1257/000282803321455188}
    }

    @article{abadie2010,
      title = {Synthetic control methods for comparative case studies: Estimating the effect of {C}alifornia’s tobacco control program},
      author = {Abadie, Alberto and Diamond, Alexis and Hainmueller, Jens},
      journal = {Journal of the American statistical Association},
      volume = {105},
      number = {490},
      pages = {493--505},
      year = {2010},
      publisher = {Taylor \& Francis},
      doi ={10.1198/jasa.2009.ap08746}
    }

    @article{ferman2020,
      title = {Cherry picking with synthetic controls},
      author = {Ferman, Bruno and Pinto, Cristine and Possebom, Vitor},
      journal = {Journal of Policy Analysis and Management},
      volume = {39},
      number = {2},
      pages = {510--532},
      year = {2020},
      publisher = {Wiley Online Library},
      doi={10.1002/pam.22206}
    }

    @online{omie2022,
      author = {Omie},
      year = {2022},
      title = {Day-ahead hourly price},
      url = {https://www.omie.es/en/market-results/daily/daily-market/daily-hourly-price},
      urldate = {2022-11-25} 
    }

    @report{iea2021a,
      author = {Iea},
      title = {Portugal 2021: Energy policy review},
      institution = {{I}nternational {E}nergy {A}gency},
      url = {https://www.iea.org/reports/portugal-2021},
      location = {Paris},
      year = {2021},
      urldate = {2022-11-23}
    }

    @report{iea2021b,
      author = {Iea},
      title = {Spain 2021: Energy policy review},
      institution = {{I}nternational {E}nergy {A}gency},
      url = {https://www.iea.org/reports/spain-2021},
      location = {Paris},
      year = {2021},
      urldate = {2022-11-23},
    }

    @online{energycharts2022,
      author = {Energy-Charts},
      year = {2022},
      title = {Welcome to the {E}nergy-{C}harts},
      url = {https://energy-charts.info/},
      urldate = {2022-11-28} 
    }

    @article{chernozhukov2021,
      title = {An exact and robust conformal inference method for counterfactual and synthetic controls},
      author = {Chernozhukov, Victor and W{\"u}thrich, Kaspar and Zhu, Yinchu},
      journal = {Journal of the American Statistical Association},
      volume = {116},
      number = {536},
      pages = {1849--1864},
      year = {2021},
      publisher = {Taylor \& Francis},
      doi={10.1080/01621459.2021.1920957}
    }

    @article{soetaert2009,
      title={Package limSolve, solving linear inverse models in {R}},
      author={Soetaert, Karline and Van den Meersche, Karel and van Oevelen, Dick and others},
      url={http://cran.r-project.org/web/packages/limSolve},
      urldate = {2023-02-06},
      year={2009}
    }

    @online{wuthrich2021,
      author = {Wuthrich, Kaspar},
      year = {2021},
      title = {scinference}, 
      url = {https://github.com/kwuthrich/scinference}, 
      urldate = {2023-02-14}
    }

    @online{ec2022,
        author = {European Commission},
        date = {2022-11-22},
        title = {Commission proposes a new EU instrument to limit excessive gas price spikes},
        url = {https://ec.europa.eu/commission/presscorner/detail/en/ip_22_7065},
        urldate = {2023-07-25}
    }

    @online{ec2022b,
      author = {Ec},
      year = {2022},
      title = {Council agrees on emergency measures to reduce energy prices},
      url = {https://www.consilium.europa.eu/en/press/press-releases/2022/09/30/council-agrees-on-emergency-measures-to-reduce-energy-prices/},
      urldate = {2023-03-03}
    }

    @online{ec2022a,
      author = {Ec},
      year = {2022},
      title = {Action and measures on energy prices},
      url = {https://energy.ec.europa.eu/topics/markets-and-consumers/action-and-measures-energy-prices_en},
      urldate = {2023-03-03}
    }

    @online{sgaravatti2022,
      author = {Sgaravatti, Giovanni and Tagliapietra, Simone and Trasi, Cecilia and Zachmann, Georg},
      year = {2023},
      publisher = {Bruegel},
      title = {National fiscal policy responses to the energy crisis},
      url = {https://www.bruegel.org/dataset/national-policies-shield-consumers-rising-energy-prices},
      urldate = {2023-03-06}
    }

    @online{schlecht2022,
      author = {Schlecht, Ingmar and Mühlenpfordt, Jonathan and Hirth, Lion and Maurer, Christoph and Eicke, Anselm},
      date = {2022-08-29},
      publisher = {Bruegel},
      title = {The Iberian electricity market intervention does not work for Europe},
      url = {https://cepr.org/voxeu/columns/iberian-electricity-market-intervention-does-not-work-europe},
      urldate = {2023-03-06}
    }

    @article{boe2022,
        author = {{Jefatura de Estado}},
        date = {2022-05-14},
        journal = {BOE},
        number = {115},
        title = {Real Decreto-ley 10/2022},
        url = {https://www.boe.es/buscar/act.php?id=BOE-A-2022-7843},
        urldate = {2023-02-12}
    }

    @article{diario2022,
        author = {{Ambiente e Ação Climática}},
        date = {2022-05-13},
        title = {Decreto-Lei 33/2022},
        journal = {Diário da República},
        number = {93 A/2022},
        series = {I},
        pages = {2-8},
        url = {https://diariodarepublica.pt/dr/detalhe/decreto-lei/33-2022-183432853},
        urldate = {2023-02-12}
    }

    @report{mibgas2022,
        author = {MIBGAS},
        date = {2022-06-09},
        title = {Nota técnica: Precio del mercado de gas para la determinación del ajuste del mercado eléctrico establecido por el real decreto-ley 10/2022},
        url = {https://www.mibgas.es/sites/default/files/inline-files/Nota%20T%C3%A9cnica%20sobre%20PGN%20RDL10-2022.pdf},
        urldate = {2023-03-30}}

    @online{eurostat2023b,
        author = {Eurostat},
        date = {2023},
        title = {HICP at constant tax rates - monthly data (index)},
        url = {https://ec.europa.eu/eurostat/web/products-datasets/-/prc_hicp_cind},
        urldate = {2023-07-24}
    }

    @online{eurostat2023a,
        author = {Eurostat},
        date = {2023},
        title = {HICP - item weights},
        url = {https://ec.europa.eu/eurostat/web/products-datasets/-/prc_hicp_inw},
        urldate = {2023-07-24}
    }

\end{filecontents}